
# docs
@online{DeckglInteractivity,
 author = {{OpenJS Foundation}},
 title = {Adding Interactivity | deck.gl},
 url = {https://deck.gl/docs/developer-guide/interactivity},
 note = {20.02.2024}
}
@online{DeckglController,
 author = {{OpenJS Foundation}},
 title = {Controller | deck.gl},
 url = {https://deck.gl/docs/api-reference/core/controller},
 note = {20.02.2024}
}
@online{DeckglAnimationsAndTransitions,
 author = {{OpenJS Foundation}},
 title = {Animations and Transitions | deck.gl},
 url = {https://deck.gl/docs/developer-guide/animations-and-transitions},
 note = {20.02.2024}
}
@online{DeckglDeckClass,
 author = {{OpenJS Foundation}},
 title = {Deck | deck.gl},
 url = {https://deck.gl/docs/api-reference/core/deck},
 note = {20.02.2024}
}
@online{DeckglFlyToInterpolator,
 author = {{OpenJS Foundation}},
 title = {FlyToInterpolator | deck.gl},
 url = {https://deck.gl/docs/api-reference/core/fly-to-interpolator},
 note = {20.02.2024}
}
@online{DeckglIconLayer,
 author = {{OpenJS Foundation}},
 title = {IconLayer | deck.gl},
 url = {https://deck.gl/docs/api-reference/layers/icon-layer},
 note = {20.02.2024}
}
@online{DeckglLayerClass,
 author = {{OpenJS Foundation}},
 title = {Layer Class | deck.gl},
 url = {https://deck.gl/docs/api-reference/core/layer},
 note = {20.02.2024}
}
@online{DeckglPathLayer,
 author = {{OpenJS Foundation}},
 title = {PathLayer | deck.gl},
 url = {https://deck.gl/docs/api-reference/layers/path-layer},
 note = {20.02.2024}
}
@online{DeckglPathStyleExtension,
 author = {{OpenJS Foundation}},
 title = {PathStyleExtension | deck.gl},
 url = {https://deck.gl/docs/api-reference/extensions/path-style-extension},
 note = {20.02.2024}
}
@online{DeckglPerformance,
 author = {{OpenJS Foundation}},
 title = {Performance Optimization | deck.gl},
 url = {https://deck.gl/docs/developer-guide/performance},
 note = {20.02.2024}
}
@online{DeckglScenegraphLayer,
 author = {{OpenJS Foundation}},
 title = {ScenegraphLayer | deck.gl},
 url = {https://deck.gl/docs/api-reference/mesh-layers/scenegraph-layer},
 note = {20.02.2024}
}
@online{DeckglSimpleMeshLayer,
 author = {{OpenJS Foundation}},
 title = {SimpleMeshLayer | deck.gl},
 url = {https://deck.gl/docs/api-reference/mesh-layers/simple-mesh-layer},
 note = {20.02.2024}
}
@online{DeckglLayer,
 author = {{OpenJS Foundation}},
 title = {Using Layers | deck.gl},
 url = {https://deck.gl/docs/developer-guide/using-layers},
 note = {27.02.2024}
}
@online{DeckglViewport,
 author = {{OpenJS Foundation}},
 title = {Viewport | deck.gl},
 url = {https://deck.gl/docs/api-reference/core/viewport},
 note = {27.02.2024}
}
@online{fontawesome,
 author = {{Fonticons}},
 title = {SVG Core | Font Awesome Docs},
 url = {https://fontawesome.com/docs/web/dig-deeper/svg-core},
 note = {20.02.2024}
}
@online{GitHubPages,
 author = {GitHub},
 title = {Grundlegendes zu GitHub Actions | GitHub-Dokumentation},
 url = {https://docs.github.com/de/actions/learn-github-actions/understanding-github-actions},
 note = {20.02.2024}
}
@online{GitHubActions,
 author = {GitHub},
 title = {Informationen zu GitHub Pages | GitHub-Dokumentation},
 url = {https://docs.github.com/de/pages/getting-started-with-github-pages/about-github-pages},
 note = {20.02.2024}
}
@online{ChaynsPersonFinder,
 author = {Tobit.Software},
 title = {PersonFinder | chayns-components},
 url = {https://github.com/TobitSoftware/chayns-components/blob/master/docs/components/person-finder.md},
 note = {20.02.2024}
}
@online{BCBSwagger,
 author = {Tobit.Software},
 title = {Web.API | Swagger UI},
 url = {https://cube.tobit.cloud/pudu-api/v2/_docs/index.html},
 note = {20.02.2024}
}
@online{WebGPU,
 author = {{MDN Web Docs}},
 title = {WebGPU API | MDN},
 url = {https://developer.mozilla.org/en-US/docs/Web/API/WebGPU_API},
 note = {27.02.2024}
}
@online{OBJLoader,
 author = {{OpenJS Foundation}},
 title = {OBJLoader | loaders.gl},
 url = {https://loaders.gl/docs/modules/obj/api-reference/obj-loader},
 note = {27.02.2024}
}





# Youtube
@online{WorldRobotics2023,
 author = {Bill, Marina and Müller, Christopher and Kraus, Werner and Bieller, Susanne},
 year = {2023},
 title = {World Robotics Report 2023 - Press Conference},
 url = {https://www.youtube.com/watch?v=h-3ndnde8dY},
 location = {Frankfurt am Main},
 note = {03.01.2024}
}





# Article
@online{Pudu2023,
 author = {Pudu Robotics},
 year = {2023},
 title = {Pudu Robotics to Expand Service Scenarios with Its Proprietary Upgraded PUDU VSLAM+},
 url = {https://www.pudurobotics.com/de/news/784},
 note = {15.01.2024}
}
@online{IFR2023,
 author = {{International Federation of Robotics}},
 year = {2023},
 title = {Service-Roboter-Absatz steigt weltweit um 48 Prozent - Personalmangel treibt die Nachfrage},
 url = {https://ifr.org/downloads/press2018/DE-2023-10-11-IFR-Pressemeldung_World_Robotics_Service_Robots_2023.pdf},
 location = {Frankfurt am Main},
 note = {03.01.2024}
}
@online{Nature2022,
 author = {{Nature Research Custom}},
 year = {2022},
 title = {Intelligent robots offer service with a smile},
 url = {https://www.nature.com/articles/d42473-022-00395-5},
 note = {15.01.2024}
}
@online{Cohrs2021,
 author = {Cohrs, Jonathan and Boonyapanachoti, Mint and Aneja, Sukanya and Köerner, Willa and Kim, Minkyoung},
 year = {2021},
 title = {An End-to-End Guide to Photogrammetry with Mobile Devices},
 url = {https://rd.nytimes.com/projects/an-end-to-end-guide-to-photogrammetry-with-mobile-devices},
 note = {16.01.2024},
 publisher = {The New York Times}
}
@online{Cohrs2021b,
 author = {Cohrs, Jonathan and Boonyapanachoti, Mint and Aneja, Sukanya and Köerner, Willa and Kim, Minkyoung},
 year = {2021},
 title = {Capturing Images for Photogrammetry},
 url = {https://rd.nytimes.com/projects/capturing-images-for-photogrammetry},
 note = {16.01.2024},
 publisher = {The New York Times}
}
@online{Cohrs2021c,
 author = {Cohrs, Jonathan and Boonyapanachoti, Mint and Aneja, Sukanya and Köerner, Willa and Kim, Minkyoung},
 year = {2021},
 title = {Processing and Aligning 3D Scenes},
 url = {https://rd.nytimes.com/projects/processing-and-aligning-3d-scenes},
 note = {16.01.2024},
 publisher = {The New York Times}
}
@online{Fenstermaker2022,
 author = {Fenstermaker},
 year = {2022},
 title = {What Cell Phones Have LiDAR?},
 url = {https://blog.fenstermaker.com/what-cell-phones-have-lidar},
 note = {16.01.2024}
}
@online{Surma2022,
 author = {Surma},
 year = {2022},
 title = {WebGPU — All of the cores, none of the canvas},
 url = {https://surma.dev/things/webgpu},
 note = {29.02.2024}
}
@online{Jansen2022,
 author = {Jansen, Anika and Risius, Paula},
 year = {2022},
 title = {Sorgenkind Gastro?: Berufswechsel in der Corona-Pandemie},
 url = {https://www.iwkoeln.de/studien/anika-jansen-paula-risius-berufswechsel-in-der-corona-pandemie.html},
 note = {04.03.2024}
}





# Nielsen Norman Group
@online{Budiu.2017,
 author = {Budiu, Raluca},
 year = {2017},
 title = {Quantitative vs. Qualitative Usability Testing},
 url = {https://www.nngroup.com/articles/quant-vs-qual},
 note = {15.02.2024},
 publisher = {{Nielsen Norman Group}}
}
@online{Moran.2019,
 author = {Moran, Kate},
 year = {2019},
 title = {Usability Testing 101},
 url = {https://www.nngroup.com/articles/usability-testing-101},
 note = {15.02.2024},
 publisher = {{Nielsen Norman Group}}
}
@online{Nielsen.2012,
 author = {Nielsen, Jakob},
 year = {2012},
 title = {How Many Test Users in a Usability Study?},
 url = {https://www.nngroup.com/articles/how-many-test-users},
 note = {15.02.2024},
 publisher = {{Nielsen Norman Group}}
}
@online{Nielsen.2012b,
 author = {Nielsen, Jakob},
 year = {2012},
 title = {Thinking Aloud: The {\#}1 Usability Tool},
 url = {https://www.nngroup.com/articles/thinking-aloud-the-1-usability-tool},
 note = {15.02.2024},
 publisher = {{Nielsen Norman Group}}
}
@online{Pernice.2020,
 author = {Pernice, Kara},
 year = {2020},
 title = {How to Maximize Insights in User Testing: Stepped User Tasks},
 url = {https://www.nngroup.com/articles/user-testing-stepped-tasks},
 note = {15.02.2024},
 publisher = {{Nielsen Norman Group}}
}
@online{Schade.2015,
 author = {Schade, Amy},
 year = {2015},
 title = {Pilot Testing: Getting It Right (Before) the First Time},
 url = {https://www.nngroup.com/articles/pilot-testing},
 note = {15.02.2024},
 publisher = {{Nielsen Norman Group}}
}
@online{Nielsen.1994,
 author = {Nielsen, Jakob},
 year = {1994},
 title = {10 Usability Heuristics for User Interface Design},
 url = {https://www.nngroup.com/articles/ten-usability-heuristics},
 note = {20.02.2024},
 publisher = {{Nielsen Norman Group}}
}





# Statistics
@online{BA2024,
 author = {{Bundesagentur für Arbeit}},
 year = {2024},
 title = {Bestand an offenen Arbeitsstellen im Jahresdurchschnitt bis 2024},
 url = {https://de.statista.com/statistik/daten/studie/2903/umfrage/jahresdurchschnittswerte-des-bestands-an-offenen-arbeitsstellen},
 note = {28.02.2024},
 publisher = {{Statista Research Department}}
}





# Specifications
@online{ISO2021,
 author = {ISO},
 year = {2021},
 title = {ISO 8373:2021 - Robotics - Vocabulary},
 url = {https://www.iso.org/standard/75539.html},
 note = {05.01.2024}
}
@online{ISO25010,
 author = {ISO},
 year = {2011},
 title = {ISO/IEC 25010:2011 - Systems and software engineering - Systems and software Quality Requirements and Evaluation (SQuaRE) - System and software quality models},
 url = {https://www.iso.org/standard/35733.html},
 note = {27.02.2024}
}
@online{OBJSpec,
 author = {{Internet Assigned Numbers Authority}},
 year = {2020},
 title = {mtl},
 url = {https://www.iana.org/assignments/media-types/model/mtl},
 note = {27.02.2024}
}
@online{MTLSpec,
 author = {{Internet Assigned Numbers Authority}},
 year = {2020},
 title = {obj},
 url = {https://www.iana.org/assignments/media-types/model/obj},
 note = {27.02.2024}
}
@online{glTFSpec,
 author = {{The Khronos® 3D Formats Working Group}},
 year = {2021},
 title = {glTF™ 2.0 Specification},
 url = {https://registry.khronos.org/glTF/specs/2.0/glTF-2.0.html},
 note = {27.02.2024}
}
@online{DataUrlSpec,
 author = {Masinter, Larry},
 year = {1998},
 title = {RFC 2397 - The data URL scheme},
 url = {https://datatracker.ietf.org/doc/html/rfc2397},
 note = {28.02.2024}
}







# Misc
@online{IFR2024,
 author = {{International Federation of Robotics}},
 title = {Service Robots},
 url = {https://ifr.org/service-robots},
 note = {05.01.2024}
}
@online{PUDU2024,
 author = {{Pudu Robotics}},
 title = {Smart Catering},
 url = {https://www.pudurobotics.com/solutions/Smart%20Catering},
 note = {05.01.2024}
}
@online{BackfaceCulling,
 author = {{Computer Hope}},
 year = {2022},
 title = {What is Back-face Culling?},
 url = {https://www.computerhope.com/jargon/b/backface-culling.htm},
 note = {20.02.2024}
}
@online{CanIUseWebP,
 author = {Deveria, Alexis},
 title = {Can I use webp?},
 url = {https://caniuse.com/?search=webp},
 note = {20.02.2024}
}
@online{Green2022,
 author = {Green, Ib and Palmer, Felix and McCurdy, Don},
 year = {2022},
 title = {v9 Tracker},
 url = {https://github.com/visgl/deck.gl/issues/7457},
 note = {27.02.2024}
}
@online{DeckGlMeteorites,
 author = {{OpenJS Foundation}},
 title = {IconLayer - Meteorites Landings},
 url = {https://deck.gl/examples/icon-layer},
 note = {27.02.2024}
}
@online{Visgl,
 author = {{OpenJS Foundation}},
 year = {27.02.2024},
 title = {Large scale geospatial data visualization},
 url = {https://vis.gl},
 note = {27.02.2024}
}
@online{Seguin2024,
 author = {Seguin, Damien},
 title = {A collection of WebGL and WebGPU frameworks and libraries},
 url = {https://gist.github.com/dmnsgn/76878ba6903cf15789b712464875cfdc},
 note = {27.02.2024}
}
@online{Figma,
 author = {{Figma}},
 title = {What is Figma?},
 url = {https://help.figma.com/hc/en-us/articles/14563969806359-What-is-Figma},
 note = {20.02.2024}
}
