@misc{WorldRobotics2023,
 author = {Bill, Marina and Müller, Christopher and Kraus, Werner and Bieller, Susanne},
 year = {26.09.2023},
 title = {World Robotics Report 2023 - Press Conference},
 url = {https://www.youtube.com/watch?v=h-3ndnde8dY},
 location = {Frankfurt am Main},
 urldate = {03.01.2024}
}

@misc{BA2024,
 author = {{Bundesagentur für Arbeit}},
 editor = {{Statista Research Department}},
 year = {2024},
 title = {Bestand an offenen Arbeitsstellen im Jahresdurchschnitt bis 2023},
 url = {https://de.statista.com/statistik/daten/studie/2903/umfrage/jahresdurchschnittswerte-des-bestands-an-offenen-arbeitsstellen/},
 urldate = {04.01.2024}
}

@article{Hevner2004,
 author = {Hevner and March and Park and Ram},
 year = {2004},
 title = {Design Science in Information Systems Research},
 pages = {75},
 volume = {28},
 number = {1},
 issn = {02767783},
 journal = {MIS Quarterly},
 doi = {10.2307/25148625}
}

@misc{IFR2023,
 author = {{International Federation of Robotics}},
 year = {12.10.2023},
 title = {Service-Roboter-Absatz steigt weltweit um 48 Prozent - Personalmangel treibt die Nachfrage},
 url = {https://ifr.org/downloads/press2018/DE-2023-10-11-IFR-Pressemeldung_World_Robotics_Service_Robots_2023.pdf},
 location = {Frankfurt am Main},
 urldate = {03.01.2024}
}

@misc{Sebotics2023,
 author = {Sebotics},
 year = {2023},
 title = {Roboter in der Gastronomie},
 url = {https://sebotics.com/roboter-in-der-gastronomie/},
 urldate = {04.01.2024}
}

@article{Sprenger2015,
 author = {Sprenger, Michaela and Mettler, Tobias},
 year = {2015},
 title = {Service Robots},
 pages = {271--274},
 volume = {57},
 number = {4},
 issn = {2363-7005},
 journal = {Business {\&} Information Systems Engineering},
 doi = {10.1007/s12599-015-0389-x},
 file = {Sprenger, Mettler 2015 - Service Robots:Attachments/Sprenger, Mettler 2015 - Service Robots.pdf:application/pdf}
}
