# GitHub Repositories
@software{clsx,
 author = {Edwards, Luke},
 version = {2.1.0},
 title = {clsx},
 url = {https://github.com/lukeed/clsx},
 note = {20.02.2023},
}
@software{glTF-Transform,
 author = {McCurdy, Don},
 version = {3.10.0},
 title = {glTF-Transform},
 url = {https://github.com/donmccurdy/glTF-Transform},
 note = {20.02.2024}
}
@software{ChaynsApi,
 author = {Tobit.Software},
 version = {1.0.20},
 title = {chayns-api},
 url = {https://github.com/TobitSoftware/chayns-api},
 note = {20.02.2024}
}
@software{ChaynsComponents,
 author = {Tobit.Software},
 version = {4.31.4},
 title = {chayns-components},
 url = {https://github.com/TobitSoftware/chayns-components},
 note = {20.02.2024}
}
@software{ChaynsToolkit,
 author = {Tobit.Software},
 version = {2.0.8},
 title = {chayns-toolkit},
 url = {https://github.com/TobitSoftware/chayns-toolkit},
 note = {20.02.2024}
}
@software{CreateChaynsApp,
 author = {Tobit.Software},
 version = {1.1.10},
 title = {create-chayns-app},
 url = {https://github.com/TobitSoftware/create-chayns-app},
 note = {20.02.2024}
}
@misc{ActionsGhPages,
 author = {Ueda, Shohei},
 version = {3.9.3},
 title = {actions-gh-pages},
 url = {https://github.com/peaceiris/actions-gh-pages},
 note = {29.02.2024}
}





# App Store
@software{Canvas2023,
 author = {{Occipital}},
 version = {3.48},
 title = {Canvas},
 url = {https://apps.apple.com/us/app/canvas-lidar-3d-measurements/id1169235377},
 note = {28.02.2024},
 publisher = {{App Store}}
}
@software{Polycam2024,
 author = {{Polycam}},
 version = {3.3.20},
 title = {Polycam 3D Scanner},
 url = {https://apps.apple.com/us/app/polycam-3d-scanner-lidar-360/id1532482376},
 note = {28.02.2024},
 publisher = {{App Store}}
}
@software{Scaniverse2024,
 author = {{Toolbox AI}},
 version = {2.1.9},
 title = {Scaniverse},
 url = {https://apps.apple.com/us/app/scaniverse-3d-scanner/id1541433223},
 note = {28.02.2024},
 publisher = {{App Store}}
}

# Misc
@software{OptimizeGLB,
 author = {Adhiban, Antony},
 version = {0.1.3},
 title = {OptimizeGLB},
 url = {https://optimizeglb.com},
 note = {28.02.2024}
}